
@book{anstey_brass_1900,
	title = {The Brass Bottle},
	url = {https://www.gutenberg.org/ebooks/30689},
	shorttitle = {brass},
	author = {Anstey, F.},
	urldate = {2017-09-10},
	date = {1900},
	keywords = {{ChiLit}}
}

@book{crockett_surprising_1897,
	title = {The Surprising Adventures of Sir Toady Lion with Those of General Napoleon Smith},
	url = {https://www.gutenberg.org/ebooks/39340},
	shorttitle = {toadylion},
	author = {Crockett, S. R.},
	urldate = {2017-09-10},
	date = {1897},
	keywords = {{ChiLit}}
}

@book{mare_three_1910,
	title = {The Three Mulla-mulgars},
	url = {https://www.gutenberg.org/ebooks/32620},
	shorttitle = {mulgars},
	author = {Mare, W. De la},
	urldate = {2017-09-10},
	date = {1910},
	keywords = {{ChiLit}}
}

@book{ewing_mrs._1869,
	title = {Mrs. Overtheway's Remembrances},
	url = {https://www.gutenberg.org/ebooks/17772},
	shorttitle = {overtheway},
	author = {Ewing, J. H. G.},
	urldate = {2017-09-10},
	date = {1869},
	keywords = {{ChiLit}}
}

@book{ewing_jackanapes_1883,
	title = {Jackanapes},
	url = {https://www.gutenberg.org/ebooks/20351},
	shorttitle = {jackanapes},
	author = {Ewing, J. H. G.},
	urldate = {2017-09-10},
	date = {1883},
	keywords = {{ChiLit}}
}

@book{falkner_moonfleet_1898,
	title = {Moonfleet},
	url = {https://www.gutenberg.org/ebooks/10743},
	shorttitle = {moonfleet},
	author = {Falkner, J. M.},
	urldate = {2017-09-10},
	date = {1898},
	keywords = {{ChiLit}}
}

@book{farrar_eric_1858,
	title = {Eric; Or, Little by Little},
	url = {https://www.gutenberg.org/ebooks/12083},
	shorttitle = {eric},
	author = {Farrar, F. W.},
	urldate = {2017-09-10},
	date = {1858},
	keywords = {{ChiLit}}
}

@book{farrow_adventures_1898,
	title = {Adventures in Wallypug-Land},
	url = {https://www.gutenberg.org/ebooks/52393},
	shorttitle = {wallypug},
	author = {Farrow, G. E.},
	urldate = {2017-09-10},
	date = {1898},
	keywords = {{ChiLit}}
}

@book{grahame_golden_1895,
	title = {The Golden Age},
	url = {https://www.gutenberg.org/ebooks/291},
	shorttitle = {goldenage},
	author = {Grahame, K.},
	urldate = {2017-09-10},
	date = {1895},
	keywords = {{ChiLit}}
}

@book{grahame_dream_1898,
	title = {Dream Days},
	url = {https://www.gutenberg.org/ebooks/35187},
	shorttitle = {dreamdays},
	author = {Grahame, K.},
	urldate = {2017-09-10},
	date = {1898},
	keywords = {{ChiLit}}
}

@book{haggard_king_1885,
	title = {King Solomon's Mines},
	url = {https://www.gutenberg.org/ebooks/2166},
	shorttitle = {solomons},
	author = {Haggard, H. R.},
	urldate = {2017-09-10},
	date = {1885},
	keywords = {{ChiLit}}
}

@book{haggard_allan_1887,
	title = {Allan Quatermain},
	url = {https://www.gutenberg.org/ebooks/711},
	shorttitle = {quatermain},
	author = {Haggard, H. R.},
	urldate = {2017-09-10},
	date = {1887},
	keywords = {{ChiLit}}
}

@book{henty_clive_1884,
	title = {With Clive in India; Or, The Beginnings of an Empire},
	url = {https://www.gutenberg.org/ebooks/18833},
	shorttitle = {clive},
	author = {Henty, G. A.},
	urldate = {2017-09-10},
	date = {1884},
	keywords = {{ChiLit}}
}

@book{henty_winning_1882,
	title = {Winning His Spurs. A Tale of the Crusades},
	url = {https://www.gutenberg.org/ebooks/12308},
	shorttitle = {winning},
	author = {Henty, G. A.},
	urldate = {2017-09-10},
	date = {1882},
	keywords = {{ChiLit}}
}

@book{hughes_tom_1857,
	title = {Tom Brown’s Schooldays},
	url = {https://www.gutenberg.org/ebooks/1480},
	shorttitle = {tombrown},
	author = {Hughes, T.},
	urldate = {2017-09-10},
	date = {1857},
	keywords = {{ChiLit}}
}

@book{ingelow_mopsa_1869,
	title = {Mopsa the Fairy},
	url = {https://www.gutenberg.org/ebooks/32867},
	shorttitle = {mopsa},
	author = {Ingelow, J.},
	urldate = {2017-09-10},
	date = {1869},
	keywords = {{ChiLit}}
}

@book{jefferies_wood_1881,
	title = {Wood Magic, a Fable},
	url = {https://www.gutenberg.org/ebooks/25299},
	shorttitle = {woodmagic},
	author = {Jefferies, R.},
	urldate = {2017-09-10},
	date = {1881},
	keywords = {{ChiLit}}
}

@book{kingsley_madam_1870,
	title = {Madam How and Lady Why; Or, First Lessons in Earth Lore for Children},
	url = {https://www.gutenberg.org/ebooks/1697},
	shorttitle = {howwhy},
	author = {Kingsley, C.},
	urldate = {2017-09-10},
	date = {1870},
	keywords = {{ChiLit}}
}

@book{kipling_stalky_1899,
	title = {Stalky and Co},
	url = {https://www.gutenberg.org/ebooks/3006},
	shorttitle = {stalky},
	author = {Kipling, R.},
	urldate = {2017-09-10},
	date = {1899},
	keywords = {{ChiLit}}
}

@book{lang_prince_1889,
	title = {Prince Prigio},
	url = {https://www.gutenberg.org/ebooks/21935},
	shorttitle = {prigio},
	author = {Lang, A.},
	urldate = {2017-09-10},
	date = {1889},
	keywords = {{ChiLit}}
}

@book{marryat_settlers_1844,
	title = {The Settlers in Canada},
	url = {https://www.gutenberg.org/ebooks/22496},
	shorttitle = {canada},
	author = {Marryat, F.},
	urldate = {2017-09-10},
	date = {1844},
	keywords = {{ChiLit}}
}

@book{marryat_masterman_1841,
	title = {Masterman Ready; Or, The Wreck of the “Pacific”},
	url = {https://www.gutenberg.org/ebooks/21552},
	shorttitle = {masterman},
	author = {Marryat, F.},
	urldate = {2017-09-10},
	date = {1841},
	keywords = {{ChiLit}}
}

@book{martineau_settlers_1841,
	title = {The Settlers at Home},
	url = {https://www.gutenberg.org/ebooks/23264},
	shorttitle = {settlers},
	author = {Martineau, H.},
	urldate = {2017-09-10},
	date = {1841},
	keywords = {{ChiLit}}
}

@book{martineau_peasant_1841,
	title = {The Peasant and the Prince},
	url = {https://www.gutenberg.org/ebooks/23275},
	shorttitle = {peasant},
	author = {Martineau, H.},
	urldate = {2017-09-10},
	date = {1841},
	keywords = {{ChiLit}}
}

@book{martineau_feats_1841,
	title = {Feats on the Fiord},
	url = {https://www.gutenberg.org/ebooks/35892},
	shorttitle = {fiord},
	author = {Martineau, H.},
	urldate = {2017-09-10},
	date = {1841},
	keywords = {{ChiLit}}
}

@book{martineau_crofton_1841,
	title = {The Crofton Boys},
	url = {https://www.gutenberg.org/ebooks/23265},
	shorttitle = {crofton},
	author = {Martineau, H.},
	urldate = {2017-09-10},
	date = {1841},
	keywords = {{ChiLit}}
}

@book{meade_world_1886,
	title = {A World of Girls: The Story of a School},
	url = {https://www.gutenberg.org/ebooks/43147},
	shorttitle = {girls},
	author = {Meade, L. T.},
	urldate = {2017-09-10},
	date = {1886},
	keywords = {{ChiLit}}
}

@book{molesworth_cuckoo_1877,
	title = {The Cuckoo Clock},
	url = {https://www.gutenberg.org/ebooks/15569},
	shorttitle = {cuckoo},
	author = {Molesworth, {NA} Mrs},
	urldate = {2017-09-10},
	date = {1877},
	keywords = {{ChiLit}}
}

@book{molesworth_tapestry_1879,
	title = {The Tapestry Room: A Child's Romance},
	url = {https://www.gutenberg.org/ebooks/17175},
	shorttitle = {tapestry},
	author = {Molesworth, {NA} Mrs},
	urldate = {2017-09-10},
	date = {1879},
	keywords = {{ChiLit}}
}

@book{molesworth_carved_1895,
	title = {The Carved Lions},
	url = {https://www.gutenberg.org/ebooks/39549},
	shorttitle = {carved},
	author = {Molesworth, {NA} Mrs},
	urldate = {2017-09-10},
	date = {1895},
	keywords = {{ChiLit}}
}

@book{nesbit_book_1899,
	title = {The Book of Dragons},
	url = {https://www.gutenberg.org/ebooks/23661},
	shorttitle = {dragons},
	author = {Nesbit, E.},
	urldate = {2017-09-10},
	date = {1899},
	keywords = {{ChiLit}}
}

@book{nesbit_story_1899,
	title = {The Story of the Treasure Seekers},
	url = {https://www.gutenberg.org/ebooks/770},
	shorttitle = {seekers},
	author = {Nesbit, E.},
	urldate = {2017-09-10},
	date = {1899},
	keywords = {{ChiLit}}
}

@book{nesbit_nine_1901,
	title = {Nine Unlikely Tales},
	url = {https://www.gutenberg.org/ebooks/49913},
	shorttitle = {unlikely},
	author = {Nesbit, E.},
	urldate = {2017-09-10},
	date = {1901},
	keywords = {{ChiLit}}
}

@book{nesbit_story_1906,
	title = {The Story of the Amulet},
	url = {https://www.gutenberg.org/ebooks/837},
	shorttitle = {amulet},
	author = {Nesbit, E.},
	urldate = {2017-09-10},
	date = {1906},
	keywords = {{ChiLit}}
}

@book{reed_fifth_1887,
	title = {The Fifth Form at Saint Dominic's: A School Story},
	url = {https://www.gutenberg.org/ebooks/24632},
	shorttitle = {dominics},
	author = {Reed, T. B.},
	urldate = {2017-09-10},
	date = {1887},
	keywords = {{ChiLit}}
}

@book{sewell_black_1877,
	title = {Black Beauty},
	url = {https://www.gutenberg.org/ebooks/271},
	shorttitle = {beauty},
	author = {Sewell, A.},
	urldate = {2017-09-10},
	date = {1877},
	keywords = {{ChiLit}}
}

@book{stevenson_kidnapped_1886,
	title = {Kidnapped},
	url = {https://www.gutenberg.org/ebooks/421},
	shorttitle = {kidnap},
	author = {Stevenson, R. L.},
	urldate = {2017-09-10},
	date = {1886},
	keywords = {{ChiLit}}
}

@book{stretton_jessicas_1867,
	title = {Jessica’s First Prayer},
	url = {https://www.gutenberg.org/ebooks/50104},
	shorttitle = {jessica},
	author = {Stretton, H.},
	urldate = {2017-09-10},
	date = {1867},
	keywords = {{ChiLit}}
}

@book{stretton_little_1868,
	title = {Little Meg’s children},
	url = {https://www.gutenberg.org/ebooks/30555},
	shorttitle = {meg},
	author = {Stretton, H.},
	urldate = {2017-09-10},
	date = {1868},
	keywords = {{ChiLit}}
}

@book{stretton_alone_1869,
	title = {Alone in London},
	url = {https://www.gutenberg.org/ebooks/12172},
	shorttitle = {alone},
	author = {Stretton, H.},
	urldate = {2017-09-10},
	date = {1869},
	keywords = {{ChiLit}}
}

@book{strickland_rival_1826,
	title = {The Rival Crusoes; or The Shipwreck},
	url = {https://www.gutenberg.org/ebooks/34849},
	shorttitle = {rival},
	author = {Strickland, A.},
	urldate = {2017-09-10},
	date = {1826},
	keywords = {{ChiLit}}
}

@book{thackeray_rose_1855,
	title = {The Rose and the Ring},
	url = {https://www.gutenberg.org/ebooks/897},
	shorttitle = {rose},
	author = {Thackeray, W. M.},
	urldate = {2017-09-10},
	date = {1855},
	keywords = {{ChiLit}}
}

@book{tytler_leila_1870,
	title = {Leila at home},
	url = {https://www.gutenberg.org/ebooks/49220},
	shorttitle = {leila},
	author = {Tytler, A. F.},
	urldate = {2017-09-10},
	date = {1870},
	keywords = {{ChiLit}}
}

@book{yonge_heir_1853,
	title = {The Heir of Redclyffe},
	url = {https://www.gutenberg.org/ebooks/2505},
	shorttitle = {redclyffe},
	author = {Yonge, C. M.},
	urldate = {2017-09-10},
	date = {1853},
	keywords = {{ChiLit}}
}

@book{yonge_daisy_1856,
	title = {The Daisy Chain, or Aspirations},
	url = {https://www.gutenberg.org/ebooks/3610},
	shorttitle = {daisy},
	author = {Yonge, C. M.},
	urldate = {2017-09-10},
	date = {1856},
	keywords = {{ChiLit}}
}

@book{yonge_dove_1866,
	title = {The Dove in the Eagle’s Nest},
	url = {https://www.gutenberg.org/ebooks/3139},
	shorttitle = {dove},
	author = {Yonge, C. M.},
	urldate = {2017-09-10},
	date = {1866},
	keywords = {{ChiLit}}
}

@book{ruskin_king_1851,
	title = {The King of the Golden River; or, the Black Brothers: A Legend of Stiria.},
	url = {https://www.gutenberg.org/ebooks/33673},
	shorttitle = {stiria},
	author = {Ruskin, John},
	editor = {Curnow, Chris and Hollowell, Johnnie and {Distributed Proofreading Team}},
	urldate = {2017-06-28},
	date = {1851},
	keywords = {{ChiLit}}
}

@book{carroll_alices_1865,
	title = {Alice's Adventures in Wonderland},
	url = {https://www.gutenberg.org/ebooks/11},
	shorttitle = {alice},
	author = {Carroll, Lewis},
	urldate = {2017-06-28},
	date = {1865},
	keywords = {{ChiLit}}
}

@book{ballantyne_coral_1858,
	title = {The Coral Island: A Tale of the Pacific Ocean},
	url = {https://www.gutenberg.org/ebooks/646},
	shorttitle = {coral},
	author = {Ballantyne, R. M.},
	editor = {Price, David},
	urldate = {2017-06-28},
	date = {1858},
	keywords = {{ChiLit}}
}

@book{yonge_little_1864,
	title = {The Little Duke: Richard the Fearless},
	url = {https://www.gutenberg.org/ebooks/3048},
	shorttitle = {duke},
	author = {Yonge, Charlotte M.},
	editor = {Haselow, Janet and Taylor, Marian and Price, David},
	urldate = {2017-06-28},
	date = {1864},
	keywords = {{ChiLit}}
}

@book{kingsley_water-babies_1863,
	title = {The Water-Babies},
	url = {https://www.gutenberg.org/ebooks/1018},
	shorttitle = {water},
	author = {Kingsley, Charles},
	editor = {Price, David},
	urldate = {2017-06-28},
	date = {1863},
	keywords = {{ChiLit}}
}

@book{sinclair_holiday_1839,
	title = {Holiday House: A Series of Tales},
	url = {https://www.gutenberg.org/ebooks/32811},
	shorttitle = {holiday},
	author = {Sinclair, Catherine},
	editor = {Srna, Jana and Alexander, D. and Wilson, David and {Distributed Proofreading Team}},
	urldate = {2017-06-28},
	date = {1839},
	keywords = {{ChiLit}}
}

@book{marryat_children_1847,
	title = {The Children of the New Forest},
	url = {https://www.gutenberg.org/ebooks/6471},
	shorttitle = {forest},
	author = {Marryat, Frederick},
	editor = {Sutherland, Juliet and Franks, Charles and {Distributed Proofreading Team}},
	urldate = {2017-06-28},
	date = {1847},
	keywords = {{ChiLit}}
}

@book{macdonald_at_1871,
	title = {At the Back of the North Wind},
	url = {https://www.gutenberg.org/ebooks/225},
	shorttitle = {wind},
	author = {{MacDonald}, George},
	editor = {Ward, Martin},
	urldate = {2017-06-28},
	date = {1871},
	keywords = {{ChiLit}}
}

@book{carroll_through_1871,
	title = {Through the Looking-Glass},
	url = {https://www.gutenberg.org/ebooks/12},
	shorttitle = {glass},
	author = {Carroll, Lewis},
	urldate = {2017-06-28},
	date = {1871},
	keywords = {{ChiLit}}
}

@book{macdonald_princess_1872,
	title = {The Princess and the Goblin},
	url = {https://www.gutenberg.org/ebooks/34339},
	shorttitle = {princess},
	author = {MacDonald, George},
	editor = {Shell, Suzanne and {Emmy} and {Distributed Proofreading Team}},
	urldate = {2017-06-28},
	date = {1872},
	keywords = {{ChiLit}}
}

@book{anstey_vice_1882,
	title = {Vice Versa; or, A Lesson to Fathers},
	url = {https://www.gutenberg.org/ebooks/26853},
	shorttitle = {vice},
	author = {Anstey, F.},
	editor = {Clarke, David and Pettit, Martin and {Distributed Proofreading Team}},
	urldate = {2017-06-28},
	date = {1882},
	keywords = {{ChiLit}}
}

@book{grahame_wind_1908,
	title = {The Wind in the Willows},
	url = {https://www.gutenberg.org/ebooks/289},
	shorttitle = {willows},
	author = {Grahame, Kenneth},
	editor = {Lough, Mike},
	urldate = {2017-06-28},
	date = {1908},
	keywords = {{ChiLit}}
}

@book{wilde_happy_1888,
	title = {The Happy Prince, and Other Tales},
	url = {https://www.gutenberg.org/ebooks/902},
	shorttitle = {prince},
	author = {Wilde, Oscar},
	editor = {Price, David and Redmond, Paul},
	urldate = {2017-06-28},
	date = {1888},
	keywords = {{ChiLit}}
}

@book{nesbit_five_1906,
	title = {Five Children and It},
	url = {https://www.gutenberg.org/ebooks/17314},
	shorttitle = {five},
	author = {Nesbit, E.},
	editor = {Isbell, Jason and {Distributed Proofreading Team}},
	urldate = {2017-06-28},
	date = {1906},
	keywords = {{ChiLit}}
}

@book{stevenson_treasure_1883,
	title = {Treasure Island},
	url = {https://www.gutenberg.org/ebooks/120},
	shorttitle = {treasure},
	author = {Stevenson, Robert Louis},
	editor = {Boss, Judy and Hamm, John and Widger, David},
	urldate = {2017-06-28},
	date = {1883},
	keywords = {{ChiLit}}
}

@book{potter_tale_1903,
	title = {The Tale of Squirrel Nutkin},
	url = {https://www.gutenberg.org/ebooks/14872},
	shorttitle = {squirrel},
	author = {Potter, Beatrix},
	editor = {Cicconetti, Robert and {Emmy} and {Distributed Proofreading Team}},
	urldate = {2017-06-28},
	date = {1903},
	keywords = {{ChiLit}}
}

@book{potter_tale_1904,
	title = {The Tale of Benjamin Bunny},
	url = {https://www.gutenberg.org/ebooks/14407},
	shorttitle = {bunny},
	author = {Potter, Beatrix},
	editor = {Cicconetti, Robert and {Distributed Proofreading Team}},
	urldate = {2017-06-28},
	date = {1904},
	keywords = {{ChiLit}}
}

@book{potter_tale_1904-1,
	title = {The Tale of Two Bad Mice},
	url = {https://www.gutenberg.org/ebooks/45264},
	shorttitle = {mice},
	author = {Potter, Beatrix},
	editor = {Edwards, David and {Emmy} and {Distributed Proofreading Team}},
	urldate = {2017-06-28},
	date = {1904},
	keywords = {{ChiLit}}
}

@book{potter_tale_1902,
	title = {The Tale of Peter Rabbit},
	url = {https://www.gutenberg.org/ebooks/14838},
	shorttitle = {rabbit},
	author = {Potter, Beatrix},
	editor = {Cicconetti, Robert and Holder, Ronald and {Distributed Proofreading Team}},
	urldate = {2017-06-28},
	date = {1902},
	keywords = {{ChiLit}}
}

@book{potter_tale_1908,
	title = {The Tale of Jemima Puddle-Duck},
	url = {https://www.gutenberg.org/ebooks/14814},
	shorttitle = {jemima},
	author = {Potter, Beatrix},
	editor = {Cicconetti, Robert and {Emmy} and {Distributed Proofreading Team}},
	urldate = {2017-06-28},
	date = {1908},
	keywords = {{ChiLit}}
}

@book{kipling_jungle_1894,
	title = {The Jungle Book},
	url = {https://www.gutenberg.org/ebooks/236},
	shorttitle = {jungle},
	author = {Kipling, Rudyard},
	editor = {{Anonymous Volunteer} and Widger, David},
	urldate = {2017-06-28},
	date = {1894},
	keywords = {{ChiLit}}
}

@book{barrie_peter_1911,
	title = {Peter Pan},
	url = {https://www.gutenberg.org/ebooks/16},
	shorttitle = {pan},
	author = {Barrie, J. M.},
	urldate = {2017-06-28},
	date = {1911},
	keywords = {{ChiLit}}
}

@book{potter_tale_1909,
	title = {The Tale of the Flopsy Bunnies},
	url = {https://www.gutenberg.org/ebooks/14220},
	shorttitle = {flopsy},
	author = {Potter, Beatrix},
	editor = {Ciesielski, Michael and {Distributed Proofreading Team}},
	urldate = {2017-06-28},
	date = {1909},
	keywords = {{ChiLit}}
}

@book{nesbit_railway_1905,
	title = {The Railway Children},
	url = {https://www.gutenberg.org/ebooks/1874},
	shorttitle = {railway},
	author = {Nesbit, E.},
	editor = {Bowler, Les},
	urldate = {2017-06-28},
	date = {1905},
	keywords = {{ChiLit}}
}

@book{burnett_secret_1911,
	title = {The Secret Garden},
	url = {https://www.gutenberg.org/ebooks/113},
	shorttitle = {secret},
	author = {Burnett, Frances Hodgson},
	urldate = {2017-06-28},
	date = {1911},
	keywords = {{ChiLit}}
}
